@INPROCEEDINGS{SfMLearner,
  author={Zhou, Tinghui and Brown, Matthew and Snavely, Noah and Lowe, David G.},
  booktitle={2017 IEEE Conference on Computer Vision and Pattern Recognition (CVPR)},
  title={Unsupervised Learning of Depth and Ego-Motion from Video},
  year={2017},
  volume={},
  number={},
  pages={6612-6619},
  keywords={Cameras;Training;Pose estimation;Three-dimensional displays;Geometry;Pipelines},
  doi={10.1109/CVPR.2017.700}}

@INPROCEEDINGS{Monodepth2,
  author={Godard, Cl√©ment and Aodha, Oisin Mac and Firman, Michael and Brostow, Gabriel},
  booktitle={2019 IEEE/CVF International Conference on Computer Vision (ICCV)},
  title={Digging Into Self-Supervised Monocular Depth Estimation},
  year={2019},
  volume={},
  number={},
  pages={3827-3837},
  keywords={Training;Estimation;Predictive models;Cameras;Image color analysis;Image reconstruction;Image matching},
  doi={10.1109/ICCV.2019.00393}}
